<record><leader>00000cas a2200000 a 4500</leader><controlfield tag="001">10256510</controlfield><controlfield tag="007">hd afv---baca</controlfield><controlfield tag="008">831229d18341929ohuwr nea     0    0eng d</controlfield><datafield ind1=" " ind2=" " tag="010"><subfield code="a">sf 89092199 </subfield></datafield><datafield ind1=" " ind2=" " tag="040"><subfield code="a">PES</subfield><subfield code="b">eng</subfield><subfield code="c">PES</subfield><subfield code="d">OCL</subfield><subfield code="d">DLC</subfield><subfield code="d">NST</subfield><subfield code="d">FUG</subfield><subfield code="d">OCL</subfield><subfield code="d">OCLCQ</subfield><subfield code="d">BUF</subfield><subfield code="d">OCLCF</subfield><subfield code="d">OCLCO</subfield></datafield><datafield ind1=" " ind2=" " tag="012"><subfield code="i">9112</subfield></datafield><datafield ind1=" " ind2=" " tag="019"><subfield code="a">3698781</subfield></datafield><datafield ind1="1" ind2=" " tag="029"><subfield code="a">AU@</subfield><subfield code="b">000020128823</subfield></datafield><datafield ind1=" " ind2=" " tag="042"><subfield code="a">msc</subfield></datafield><datafield ind1="0" ind2="0" tag="050"><subfield code="a">Microfilm 01104 no. 1789-1796 AP</subfield></datafield><datafield ind1="1" ind2="4" tag="050"><subfield code="a">AP2</subfield><subfield code="b">.A64</subfield></datafield><datafield ind1=" " ind2=" " tag="092"><subfield code="a">051</subfield><subfield code="b">A51p2</subfield></datafield><datafield ind1="0" ind2="4" tag="245"><subfield code="a">The Western Christian advocate</subfield><subfield code="h">[microform].</subfield></datafield><datafield ind1=" " ind2=" " tag="260"><subfield code="a">Cincinnati, Ohio :</subfield><subfield code="b">Published by C. Holliday and J.F. Wright for the Methodist Episcopal Church,</subfield><subfield code="c">1834-1929.</subfield></datafield><datafield ind1=" " ind2=" " tag="300"><subfield code="a">95 v. :</subfield><subfield code="b">ill. ;</subfield><subfield code="c">48-64 cm.</subfield></datafield><datafield ind1=" " ind2=" " tag="310"><subfield code="a">Weekly</subfield></datafield><datafield ind1="0" ind2=" " tag="362"><subfield code="a">Vol. 1, no. 1 (May 2, 1834)-v. 95, no. 42 (Oct. 17, 1929) = [whole] no. 1-no. 5072.</subfield></datafield><datafield ind1=" " ind2=" " tag="500"><subfield code="a">This Methodist weekly established in 1834 in Cincinnati published articles on literature, agriculture and the home, as well as poetry, Bible lessons, religious news items and articles on varied religious topics. Cf. American periodicals, 1741-1900.</subfield></datafield><datafield ind1=" " ind2=" " tag="500"><subfield code="a">Title from caption.</subfield></datafield><datafield ind1=" " ind2=" " tag="500"><subfield code="a">"Christian" appears in title ornament, &lt;1862-1864&gt;.</subfield></datafield><datafield ind1=" " ind2=" " tag="515"><subfield code="a">Vol. 66 repeated in numbering.</subfield></datafield><datafield ind1=" " ind2=" " tag="550"><subfield code="a">"Official organ of the Methodist Episcopal Church."</subfield></datafield><datafield ind1=" " ind2=" " tag="580"><subfield code="a">Absorbed: Indianapolis area herald in 1925. Cf. Batzel, John D. Union list of United Methodist serials, 1773-1973.</subfield></datafield><datafield ind1=" " ind2=" " tag="533"><subfield code="a">Microfilm.</subfield><subfield code="b">Ann Arbor, Mich. :</subfield><subfield code="c">Xerox University Microfilms.</subfield><subfield code="e">microfilm reels ; 35 mm.</subfield><subfield code="f">(American periodical series: 1800-1850 ; 1789-1796).</subfield></datafield><datafield ind1="2" ind2="0" tag="610"><subfield code="a">Methodist Episcopal Church</subfield><subfield code="v">Periodicals.</subfield></datafield><datafield ind1=" " ind2="0" tag="651"><subfield code="a">Cincinnati (Ohio)</subfield><subfield code="v">Newspapers.</subfield></datafield><datafield ind1=" " ind2="0" tag="651"><subfield code="a">Hamilton County (Ohio)</subfield><subfield code="v">Newspapers.</subfield></datafield><datafield ind1=" " ind2="7" tag="655"><subfield code="a">Newspapers.</subfield><subfield code="2">fast</subfield><subfield code="0">(OCoLC)fst01423814</subfield></datafield><datafield ind1=" " ind2="7" tag="655"><subfield code="a">Periodicals.</subfield><subfield code="2">fast</subfield><subfield code="0">(OCoLC)fst01411641</subfield></datafield><datafield ind1="2" ind2="7" tag="610"><subfield code="a">Methodist Episcopal Church.</subfield><subfield code="2">fast</subfield><subfield code="0">(OCoLC)fst00541689</subfield></datafield><datafield ind1=" " ind2="7" tag="651"><subfield code="a">Ohio</subfield><subfield code="z">Cincinnati.</subfield><subfield code="2">fast</subfield><subfield code="0">(OCoLC)fst01205142</subfield></datafield><datafield ind1=" " ind2="7" tag="651"><subfield code="a">Ohio</subfield><subfield code="z">Hamilton County.</subfield><subfield code="2">fast</subfield><subfield code="0">(OCoLC)fst01205597</subfield></datafield><datafield ind1="2" ind2=" " tag="710"><subfield code="a">Methodist Episcopal Church.</subfield></datafield><datafield ind1=" " ind2=" " tag="752"><subfield code="a">United States</subfield><subfield code="b">Ohio</subfield><subfield code="c">Hamilton</subfield><subfield code="d">Cincinnati.</subfield></datafield><datafield ind1="1" ind2=" " tag="776"><subfield code="c">Original</subfield><subfield code="w">(DLC)sn 89075028</subfield><subfield code="w">(OCoLC)1769711</subfield></datafield><datafield ind1="1" ind2="5" tag="780"><subfield code="t">Indianapolis area herald</subfield><subfield code="g">1925</subfield></datafield><datafield ind1="0" ind2="0" tag="785"><subfield code="t">Christian advocate</subfield><subfield code="c">Western edition</subfield></datafield><datafield ind1=" " ind2="0" tag="830"><subfield code="a">American periodical series, 1800-1850 ;</subfield><subfield code="v">1789-1796.</subfield></datafield><datafield ind1=" " ind2=" " tag="850"><subfield code="a">DLC</subfield><subfield code="a">FU</subfield><subfield code="a">InLP</subfield><subfield code="a">MoU</subfield><subfield code="a">NcD</subfield></datafield></record>